<?xml version="1.0" encoding="UTF-8"?><collection xmlns="http://www.loc.gov/MARC21/slim"><record><leader>00455nam--2200133-i-4500</leader><controlfield tag="001">000026254</controlfield><controlfield tag="002">20161230</controlfield><controlfield tag="005">20161230201036</controlfield><controlfield tag="008">060222s1000------------r-----000-0-eng-d</controlfield><datafield ind1=" " ind2=" " tag="080"><subfield code="a">621.317</subfield></datafield><datafield ind1=" " ind2=" " tag="245"><subfield code="a">Instructiuni 205-66 pentru verificarea cronometrelor electrice si cronometrelor electronice numerice. ed.oficiala</subfield></datafield><datafield ind1=" " ind2=" " tag="260"><subfield code="a">Bucuresti, Ed.De Stat Pentru Imprimate Si Publicatii, 1966. 16p</subfield></datafield><datafield ind1=" " ind2=" " tag="490"><subfield code="a">Oficiul De Stat Pentru Metrologie</subfield></datafield><datafield ind1=" " ind2=" " tag="852"><subfield code="a">25012</subfield></datafield></record></collection>